
@article{steen2011retractions,
  title={Retractions in the medical literature: how many patients are put at risk by flawed research?},
  author={Steen, R.G.},
  journal={Journal of Medical Ethics},
  year={2011}
}

@article{wray2018retractions,
  title={Retractions in science},
  author={Wray, K.B. and Andersen, L.E.},
  journal={Scientometrics},
  volume={117},
  number={3},
  pages={2009-2019},
  year={2018}
}

@article{schneider2020continued,
  title={Continued post-retraction citation of a fraudulent clinical trial report, 11 years after it was retracted for falsifying data},
  author={Schneider, J. and Ye, D. and Hill, A.M. and Whitehorn, A.S.},
  journal={Scientometrics},
  volume={125},
  pages={2877-2913},
  year={2020}
}

@article{vannoorden2023more,
  title={More than 10,000 research papers were retracted in 2023—a new record},
  author={Van Noorden, R.},
  journal={Nature},
  volume={624},
  number={7992},
  pages={479-481},
  year={2023}
}

@misc{retractionwatch2023covid,
  title={Retracted coronavirus (COVID-19) papers},
  author={{Retraction Watch}},
  note={Retrieved from https://retractionwatch.com/retracted-coronavirus-covid-19-papers/}
}

@article{godlee2011wakefield,
  title={Wakefield’s article linking MMR vaccine and autism was fraudulent},
  author={Godlee, F.},
  journal={BMJ},
  volume={342},
  pages={c5347},
  year={2011},
  note={Retrieved from https://www.bmj.com/content/342/bmj.c5347}
}

@misc{retractionwatch2023guide,
  title={Retraction Watch database user guide},
  author={{Retraction Watch}},
  note={Retrieved from https://retractionwatch.com/retraction-watch-database-user-guide/}
}
